@PhdThesis{bruening:dynamorio,
author = "Derek L. Bruening",
title = "{E}fficient, {T}ransparent, and {C}omprehensive {R}untime {C}ode {M}anipulation",
school = "Department of Electrical Engineering and Computer Science,Massachusetts Institute of Technology",
year   = "2004",
}

@MISC{intel:basic_arc,
author= "Intel Corporation",
title = "{I}ntel 64 and {IA}-32 {A}rchitectures {S}oftware {D}eveloper's {M}anual {V}olume 1: {B}asic {A}rchitecture",
year  = "2011",
url   = "\url{http://www.intel.com/content/www/us/en/architecture-and-technology/64-ia-32-architectures-software-developer-vol-1-manual.html}",
urlpdf = "\url{http://www.intel.com/content/dam/www/public/us/en/documents/manuals/64-ia-32-architectures-software-developer-vol-1-manual.pdf}",
}

@MISC{intel:insn_ref,
author= "Intel Corporation",
title = "{I}ntel 64 and {IA}-32 {A}rchitectures {S}oftware {D}eveloper's {M}anual {C}ombined  {V}olumes {2A}, {2B}, and {2C}: {I}nstruction {S}et {R}eference, {A}-{Z}",
year  = "2011",
url   = "\url{http://www.intel.com/content/www/us/en/architecture-and-technology/64-ia-32-architectures-software-developer-instruction-set-reference-manual-325383.html}",
urlpdf = "\url{http://www.intel.com/content/dam/doc/manual/64-ia-32-architectures-software-developer-instruction-set-reference-manual-325383.pdf}",
}

@MISC{intel:sys_prog,
author= "Intel Corporation",
title = "{I}ntel 64 and {IA}-32 {A}rchitectures {S}oftware {D}eveloper's {M}anual {C}ombined
    {V}olumes {3A}, {3B}, and {3C}: {S}ystem {P}rogramming {G}uide, {P}arts 1 and 2",
year  = "2011",
url   = "\url{http://www.intel.com/content/www/us/en/architecture-and-technology/64-ia-32-architectures-software-developer-system-programming-manual-325384.html}",
urlpdf = "\url{http://www.intel.com/content/dam/doc/manual/64-ia-32-architectures-software-developer-system-programming-manual-325384.pdf}",
}

@MISC{intel:opt_ref,
author= "Intel Corporation",
title = "{I}ntel 64 and {IA}-32 {A}rchitectures {O}ptimization {R}eference {M}anual",
year  = "2011",
url   = "\url{http://www.intel.com/content/www/us/en/architecture-and-technology/64-ia-32-architectures-optimization-manual.html}",
urlpdf = "\url{http://www.intel.com/content/dam/doc/manual/64-ia-32-architectures-optimization-manual.pdf}"
}


@MISC{linux:cpp_kernel,
author = "Jeremy Andrews",
title = "{L}inux: {C}++ {I}n {T}he {K}ernel?",
year = "2004",
howpublished="\url{http://kerneltrap.org/node/2067}",
}

@MISC{ms:cpp_kernel,
author = "Microsoft Corporation",
title  = "{C}++ for {K}ernel {M}ode {D}rivers: {P}ros and {C}ons",
year   = "2007",
howpublished="\url{http://msdn.microsoft.com/en-us/windows/hardware/gg487420}"
}

@MISC{dynamorio,
title  = "{DynamoRIO}",
author = "Derek Bruening and Qin Zhao",
howpublished = "\url{http://dynamorio.org/home.html}",
}

@MISC{udis86,
title  = "udis86",
author = "Vivek Thampi",
howpublished = "\url{http://udis86.sourceforge.net/}"
}

@MISC{binutils,
title  = "{GNU} {Binutils}",
author = "Free Software Foundation",
howpublished = "\url{http://www.gnu.org/software/binutils/}"
}


